%%
% The BIThesis Template for Bachelor Graduation Thesis
%
% 北京理工大学毕业设计（论文）参考文献管理 —— 使用 XeLaTeX 编译
%
% Copyright 2020-2023 BITNP
%
% This work may be distributed and/or modified under the
% conditions of the LaTeX Project Public License, either version 1.3
% of this license or (at your option) any later version.
% The latest version of this license is in
%   http://www.latex-project.org/lppl.txt
% and version 1.3 or later is part of all distributions of LaTeX
% version 2005/12/01 or later.
%
% This work has the LPPL maintenance status `maintained'.
%
% The Current Maintainer of this work is Feng Kaiyu.
%
% Compile with: xelatex -> biber -> xelatex -> xelatex



@article{2021Enabling, 
  title = {Enabling Finger-touch-based Mobile User Authentication via Physical Vibrations on IoT Devices},
  author = {X Yang and S Yang and J Liu},
  date = {2021},
  journaltitle = {IEEE Transactions on Mobile Computing}
}

@inproceedings{1981Password, 
  title = {Password authentication with insecure communication. Commun},
  author = {Lamport Leslie},
  date = {1981-11-24},
  booktitle = {Commun. of ACM },
  pages={770–772}
}

@article{ 2005Authentication, 
  title = {Authentication using graphical passwords: Effects of tolerance},
  author = {Susan Wiedenbeck and Jim Waters and Jean-Camille Birget and Alex Brodskiy and Nasir Memon},
  date = {2005}
}

@article{ 2014Shoulder, 
  title = {Shoulder surfing-proof graphical password authentication scheme},
  author = {Wu Tzong-Sun and Lee Ming-Lun and Lin Han-Yu and Wang Chao-Yuan },
  date = {2014-03-13},
  journaltitle = {International journal of information security },
  pages={245–254}
}

@article{ 2011How, 
  title = {How to generate spoofed irises from an iris code template},
  author = {Venugopalan Shreyas and Savvides Marios  },
  date = {2011-02-06},
  journaltitle = {IEEE Transactions on Information Forensics and Security },
  pages={385–395}
}

@article{2009wang,
 author = {王丽美 and 费金龙 and 贺新征},
 title = {防御蓝牙PIN码攻击的研究与实现},
 journal = {计算机应用},
 volume = {29},
 number = {941-943+955},
 year = {2009},
 issn = {1001-9081},
 doi ={}
 }

@article{2020li,
 author = {李颖},
 title = {手机要及时设置SIM卡密码},
 journal = {中国质量万里行},
 volume = {No.332},
 number = {61},
 year = {2020},
 issn = {1005-149X},
 doi ={}
 }



@article{2018chen,
 author = {陈亮},
 title = {基于智能手机传感器推测用户PIN码研究},
 journal = {信息通信},
 volume = {No.190},
 number = {15-17},
 year = {2018},
 issn = {1673-1131},
 doi ={}
 }



@article{2018sun,
 author = {孙亚楠 and 吕可嘉 and 张瑞},
 title = {一种新的心电信号R峰自动检测方法},
 journal = {西北大学学报(自然科学版)},
 volume = {48},
 number = {16-23},
 year = {2018},
 issn = {1000-274X},
 doi ={10.16152/j.cnki.xdxbzr.2018-01-004}
 }

@article{2008PassShapes,
  title={PassShapes - Utilizing stroke based authentication to increase password memorability},
  author={ Weiss, R.  and  Luca, A. D. },
  year={2008},
}

@article{2022qiu,
 author = {裘佳浩 and 邱卫东 and 王杨德 and 查言 and 谢宇明 and 李岩},
 title = {智能化的安卓手势密码取证关键技术},
 journal = {网络与信息安全学报},
 volume = {8},
 number = {118-127},
 year = {2022},
 issn = {2096-109X},
 doi ={}
 }

@article{2009wen,
 author = {文伟平 and 尹燕彬},
 title = {基于累加方法的防肩窥图形密码系统的设计与实现},
 journal = {信息网络安全},
 volume = {No.99},
 number = {7-10+16},
 year = {2009},
 issn = {1671-1122},
 doi ={}
 }


@inproceedings{2018Blood, 
  title = {Blood pressure monitoring using built-in smartphone accelerometer and camera},
  author = {J Wang E and J Zhu and M Jain and others},
  date = {2018},
  booktitle = {Proceedings of the 2018 CHI conference on human factors in computing Systems },
  pages={1-9}
}

@book{2011Heart,
  title={Heart Biometrics: Theory, Methods and Applications},
  author={ Agrafioti, Foteini  and  Gao, Jiexin  and  Hatzinakos, Dimitrios },
  publisher={InTech},
  address={Biometrics},
  year={2011}
}

@article{2023he,
 author = {何阿妹 and 蔡贤玲 and 陈珉惺},
 title = {指纹识别技术发展及应用现状},
 journal = {产业创新研究},
 volume = {No.107},
 number = {102-104},
 year = {2023},
 issn = {2096-4714},
 doi ={}
 }

@article{2019yu,
  title={指纹识别应用研究},
  author={于晓明},
  journal={山东工业技术},
  number={9},
  pages={1},
  year={2019},
}

@article{2002Near,
  title={Near-infrared finger vein patterns for personal identification},
  author={Kono Miyuki Kono and Ueki Hironoi and  Umemura Shin-ichiro  },
  journal={Applied Optics},
  volume={41},
  year={2002}
}

@article{2022zhang,
 author = {张旭曜},
 title = {基于深度学习的声纹识别算法研究},
 school = {燕山大学},
 year = {2022}
 }

 @article{2022he,
 author = {何国巨},
 title = {商业银行人脸识别应用分析},
 journal = {金融科技时代},
 volume = {30},
 number = {80-82},
 year = {2022},
 issn = {2095-0799},
 doi ={}
 }

@article{2023yang,
 author = {杨文涵},
 title = {我国人脸识别技术风险之刑法应对},
 journal = {广州广播电视大学学报},
 volume = {23},
 number = {91-98+112},
 year = {2023},
 issn = {1672-0385},
 doi ={}
 }

@techreport{2023ren,
 author = {任文岱},
 title = {上海拟出台公共场所人脸识别应用推荐性地方标准},
 institution = {民主与法制时报},
 year = {2023}
 }


@inproceedings{Song2018Image,
  title={Image Recognition Algorithm Based on Convolution Neural Network and Particle Swarm Optimization SVM},
  author={Song and Zhengcheng},
  year={2018},
}

@article{2004Feature,
  title={Feature extraction of finger-vein patterns based on repeated line tracking and its application to personal identification},
  author={ Miura Naoto and Nagasaka Akio  and Miyatake Takafumi  },
  journal={Machine Vision and Applications},
  volume={15},
  number={4},
  pages={194-203},
  year={2004}
}

@article{1996A,
  title={A Singularly Valuable Decomposition: The SVD of a Matrix},
  author={ Dan, K. },
  journal={The College Mathematics Journal},
  volume={27},
  number={1},
  pages={2-23},
  year={1996},
}

@inproceedings{2019CardioCam,
  title={CardioCam: Leveraging Camera on Mobile Devices to Verify Users While Their Heart is Pumping},
  author={ Liu, J.  and  Shi, C.  and  Chen, Y.  and  Liu, H.  and  Gruteser, M. },
  booktitle={International Conference on Mobile Systems, Applications, and Services},
  year={2019},
  pages={249-261}
}

@article{2006The,
  title={The autonomic nervous system and the adrenal medulla},
  author={ Guyton, A. C.  and  Hall, J. E. },
  year={2006},
}


@article{Poon2006A,
  title={A Novel Biometrics Method to Secure Wireless Body Area Sensor Networks for Telemedicine and M-Health.},
  author={Poon and  Carmen, C. Y.  and  Zhan, Y. T.  and  Bao, S. D. },
  journal={IEEE Communications Magazine},
  year={2006},
}

@inproceedings{2007A,
  title={A New ECG Identification Method Using Bayes' Teorem},
  author={ Zhang, Z.  and  Wei, D. },
  booktitle={Tencon IEEE Region 10 Conference},
  year={2007},
}

@article{2012zhang,
 author = {张廷尉 and 陈红 and 王磊},
 title = {基于Matlab的巴特沃斯数字低通滤波器的设计},
 journal = {鞍山师范学院学报},
 volume = {14},
 number = {13-15},
 year = {2012},
 issn = {1008-2441},
 doi ={}
 }

@article{2006wang,
 author = {王飞},
 title = {基于DSP技术的IIR数字滤波器的设计},
 journal = {科技资讯},
 volume = {},
 number = {128},
 year = {2006},
 issn = {1672-3791},
 doi ={10.16661/j.cnki.1672-3791.2006.18.104}
 }


@article{2011Reporting,
  title={Reporting of sex as a variable in cardiovascular studies using cultured cells},
  author={ Taylor, K. E.  and  Vallejo-Giraldo, C.  and  Schaible, N. S.  and  Zakeri, R.  and  Miller, V. M. },
  journal={Biology of Sex Differences,2,1(2011-11-07)},
  volume={2},
  number={1},
  pages={11},
  year={2011},
}


@article{Chon2014Respiratory,
  title={Respiratory Rate Estimation from the Built-in Cameras of Smartphones and Tablets},
  author={Chon and Ki and H. and Lee and Jinseok and Nam and Yunyoung},
  journal={Annals of Biomedical Engineering: The Journal of the Biomedical Engineering Society},
  volume={42},
  number={4},
  pages={885-898},
  year={2014},
}

@article{2004wu,
 author = {吴春国 and 梁艳春 and 孙延风 and 周春光 and 吕英华},
 title = {关于SVD与PCA等价性的研究},
 journal = {计算机学报},
 volume = {},
 number = {286-288},
 year = {2004},
 issn = {0254-4164},
 doi ={}
 }


@article{1975Theory,
  title={Theory and application of digital signal processing},
  author={ Trick, T. N. },
  journal={Proceedings of the IEEE},
  volume={63},
  number={11},
  pages={1631-1631},
  year={1975},
}

@article{2002Determination,
  title={Determination of age-related increases in large artery stiffness by digital pulse contour analysis},
  author={ Millasseau, S C  and  Kelly, R P  and  Ritter, J M  and  Chowienczyk, P J },
  journal={Clinical Science},
  volume={103},
  number={4},
  pages={371-7},
  year={2002},
}

@article{2005ECG,
  title={ECG to identify individuals},
  author={ Israel, S. A.  and  Irvine, J. M.  and  Cheng, A.  and MD Wiederhold and  Wiederhold, B. K. },
  journal={Pattern Recognition},
  volume={38},
  number={1},
  pages={133-142},
  year={2005},
}


@article{Evelien2009The,
  title={The dicrotic notch as alternative time-reference point to measure local pulse wave velocity in the carotid artery by means of ultrasonography.},
  author={Evelien and Hermeling and Koen and D and Reesink and Liselotte and M and Kornmann and Robert and S},
  journal={Journal of hypertension},
  year={2009},
}

@inproceedings{2017Non,
  title={Non-fiducial PPG-based authentication for healthcare application},
  author={ Karimian, N.  and  Tehranipoor, M.  and  Forte, D. },
  booktitle={IEEE EMBS International Conference on Biomedical & Health Informatics (BHI)},
  year={2017},
}

@article{1986Principal,
  title={Principal Component Analysis and Factor Analysis},
  author={ Jolliffe, I. T. },
  journal={John Wiley & Sons, Inc.},
  year={1986},
}

@article{1993Singular,
  title={Singular Value Decomposition},
  author={ Godunov, S. K.  and  Antonov, A. G.  and  Kiriljuk, O. P.  and  Kostin, V. I. },
  journal={Springer US},
  year={1993},
}

@article{2007Photoplethysmography,
  title={Photoplethysmography and its application in clinical physiological measurement.},
  author={ Allen, John },
  journal={Physiological Measurement},
  volume={28},
  number={3},
  pages={R1-39},
  year={2007},
}


































